<record><leader>00000cas a22000007a 4500</leader><controlfield tag="001">11752247</controlfield><controlfield tag="008">850301d183u183unjuwr ne      0    0eng d</controlfield><datafield ind1=" " ind2=" " tag="010"><subfield code="a">sn 85054231 </subfield></datafield><datafield ind1=" " ind2=" " tag="040"><subfield code="a">NYG</subfield><subfield code="b">eng</subfield><subfield code="c">NYG</subfield><subfield code="d">NPX</subfield><subfield code="d">NPA</subfield><subfield code="d">NJW</subfield><subfield code="d">OCLCQ</subfield></datafield><datafield ind1=" " ind2=" " tag="042"><subfield code="a">msc</subfield></datafield><datafield ind1="0" ind2=" " tag="130"><subfield code="a">Apollo (Belvidere, N.J.)</subfield></datafield><datafield ind1="1" ind2="4" tag="245"><subfield code="a">The Apollo.</subfield></datafield><datafield ind1=" " ind2=" " tag="260"><subfield code="a">Belvidere, N.J. :</subfield><subfield code="b">Franklin Ferguson</subfield></datafield><datafield ind1=" " ind2=" " tag="300"><subfield code="a">v. :</subfield><subfield code="b">ill. (chiefly advertisements)</subfield></datafield><datafield ind1=" " ind2=" " tag="310"><subfield code="a">Weekly</subfield></datafield><datafield ind1=" " ind2=" " tag="530"><subfield code="a">Also issued on microfilm by Norton Micro Images.</subfield></datafield><datafield ind1=" " ind2=" " tag="588"><subfield code="a">Description based on: Vol. 1, no. 19 (Jan. 1, 1833).</subfield></datafield><datafield ind1=" " ind2=" " tag="752"><subfield code="a">United States</subfield><subfield code="b">New Jersey</subfield><subfield code="c">Warren</subfield><subfield code="d">Belvidere.</subfield></datafield><datafield ind1="0" ind2="0" tag="780"><subfield code="t">Belvidere Apollo (1830)</subfield><subfield code="w">(DLC)sn 85035535</subfield><subfield code="w">(OCoLC)11864395</subfield></datafield><datafield ind1="0" ind2="0" tag="785"><subfield code="t">Belvidere Apollo</subfield><subfield code="w">(DLC)sn 85035537</subfield><subfield code="w">(OCoLC)11864422</subfield></datafield></record>